@article{interactiveSystem,
    author = {George Kelly},
    title = {An Interactive System for Procedural City Generation},
    year = {2008},
    keywords = {SOURCES}
}

@misc{modelTerrain,
    author = {Geo},
    title = {Terrain Modeling Tutorial },
    year = {2014},
    url = {https://3dwarehouse.sketchup.com/model/cbeb02b6ae75a1a7948cea07c3e8d90d/Terrain-Model?hl=fr},
    keywords = {SOURCES}
}

@misc{berlinNoise,
    author = {Wikipedia},
    title = {Make procedural landmass map in Unity},
    year = {2022},
    url = {https://fr.m.wikipedia.org/wiki/Bruit_de_Perlin},
    keywords = {SOURCES}
}

@misc{lewisUnity,
    author = {Lewis Ben},
    title = {Make procedural landmass map in Unity},
    year = {2017},
    url = {https://medium.com/@liux4989/make-procedural-landmass-map-in-unity-e874113bf693},
    keywords = {SOURCES}
}


@inproceedings{kelly,
  title={Citygen: An interactive system for procedural city generation},
  author={Kelly, George and McCabe, Hugh},
  booktitle={Fifth International Conference on Game Design and Technology},
  pages={8--16},
  year={2007}
}

@misc{KellyLog,
    author = {George Kelly},
    title = {Logiciel CityGen : \url{http://www.citygen.net}},
    year = {2007},
    keywords = {SOURCES}
}

@misc{Assets,
    author = {Ink Phantom},
    title = {Unity asset store - Polylised - Medieval Desert City},
    year = {2018},
    url = {https://assetstore.unity.com/packages/3d/environments/historic/polylised-medieval-desert-city-94557},
    keywords = {SOURCES}
}

@article{Terrain,
    author = {Geo},
    title = {Terrain Model, \url{https://3dwarehouse.sketchup.com/model/cbeb02b6ae75a1a7948cea07c3e8d90d/Terrain-Model?hl=fr}},
    year = {2014},
    keywords = {SOURCES}
}

@article{LogicielConception,
    author = {Geomedia SAS},
    title = {Logiciel de conception de projets routiers en 3D, \url{https://www.batiproduits.com/img/logiciel-de-conception-de-projets-routiers-en-3d-autopiste-version-13-002442813-product_maxi.jpg}},
    version = {AutoPISTE Version 13},
    year = {2012},
    keywords = {SOURCES}
}

@article{Ilyakalinin,
    author = {ilyakalinin},
    title = {City street Intersection traffic jams road 3d drawing, \url{https://stock.adobe.com/fr/images/city-street-intersection-traffic-jams-road-3d-drawing-blue-lines-outline-contour-style-very-high-detail-projection-view-a-lot-cars-end-buildings-top-view-vector-illustration/206784964}},
    year = {2010},
    keywords = {SOURCES}
}

@misc{video,
    title = {Citygen - Preview 2007},
    date = {2012},
    organization = {Youtube},
    author = {George Kelly},
    url = {https://www.youtube.com/watch?v=CUSsyt-ixa0}
}
    
@misc{medieval,
    author = {Watabou},
    title = {Programme Medieval Fantasy City Generator},
	url = {https://watabou.itch.io/medieval-fantasy-city-generator},
    year = {2020},
    keywords = {SOURCES}
}

@article{AlgoGen,
    author = {ilyakalinin},
    title = {L-systèmes : des programmes qui créent des programmes},
    url = {https://tribu.phm.education.gouv.fr/toutatice-portail-cms-nuxeo/binary/LSystemesProf.pdf?type=FILE&path=%2Fdefault-domain%2Fworkspaces%2Fenseignants-nsi%2Fterminale-nsi%2F5-5-langages%2Fl-systemes%2Flsystemesprof-pdf&portalName=foad&liveState=true&fieldName=file:content&t=1636046671}
}

@book{flake2000computational,
  title={The computational beauty of nature: Computer explorations of fractals, chaos, complex systems, and adaptation},
  author={Flake, Gary William},
  year={2000},
  publisher={MIT press}
}

@book{generationLsystemeLien,
  title={2D Lindemeyer system (L-system) to draw factal curves},
  author={Gerard Sookahet},
  year={2010},
  url={https://wiki.tcl-lang.org/page/L-system+2D}
}

@misc{unity,
    author = {Unity Technologies},
    title ={La programmation dans Unity pour les programmeurs expérimentés},
    year = {2022},
    url = {https://unity.com/fr/how-to/programming-unity}
}

@misc{pipeline,
    author = {Documentation Unity},
    title = {Unity - Manual: Render pipelines introduction},
    year = {2022},
    url = {https://docs.unity3d.com/Manual/render-pipelines-overview.html}
}

@misc{graphic,
    author = {Documentation Unity},
    title = {Unity - Manual: Graphics hardware capabilities and emulation},
    year = {2016},
    url = {https://docs.unity3d.com/540/Documentation/Manual/GraphicsEmulation.html}
}

@misc{dessin,
    author = {Documentation Unity},
    title = {Unity - Draw call batching},
    year = {2022},
    url = {https://docs.unity3d.com/Manual/DrawCallBatching.html}
}

@misc{version,
    author = {Release notes sur la version Unity},
    title = {What's new in Unity 2020.3.32},
    year = {2020},
    url = {https://unity3d.com/unity/whats-new/2020.3.32}
}

@misc{routePrincipale,
    author = {Christian Machu},
    title = {ROUTE IMPORTANTE},
    year = {2019},
    url = {https://www.securite-routiere-az.fr/r/route-principale/}
}

@misc{routeSecondaire,
    author = {Société MARIANNE FORMATION},
    title = {Les routes secondaires : définition, vitesse et risques routiers},
    year = {2021},
    url = {https://www.ornikar.com/code/cours/route/types-voies/routes-secondaires}
}